@misc{git:whereami,
  author = {{Seyfi Gozubuyuk}},
  title = "Where Am I Localization Project",
  year = "2018",
  url = "https://github.com/seyfig/WhereAmI",
  note = "[Online; accessed 07-July-2018]"
}
@misc{wiki:slam,
  author = {{SLAM}},
  title = "Simultaneous Localization and Mapping --- {W}ikipedia{,} The Free Encyclopedia",
  year = "2018",
  url = "https://en.wikipedia.org/wiki/Simultaneous_localization_and_mapping",
  note = "[Online; accessed 07-July-2018]"
}
@misc{rtab,
  author = {{IntRoLab}},
  title = "Real-Time Appearance-Based Mapping",
  year = "2017",
  url = "http://introlab.github.io/rtabmap/",
  note = "[Online; accessed 07-July-2018]"
}
@misc{wiki:ogm,
  author = {{Occupancy Grid Mapping}},
  title = "Occupancy Grid Mapping --- {W}ikipedia{,} The Free Encyclopedia",
  year = "2016",
  url = "https://en.wikipedia.org/wiki/Occupancy_grid_mapping",
  note = "[Online; accessed 07-July-2018]"
}
@misc{wiki:gslam,
  author = {{Graph SLAM}},
  title = "Graph SLAM --- {W}ikipedia{,} The Free Encyclopedia",
  year = "2016",
  url = "https://en.wikipedia.org/wiki/GraphSLAM",
  note = "[Online; accessed 07-July-2018]"
}
